@book{Carroll_2019,
place={Cambridge},
title={Spacetime and Geometry: An Introduction to General Relativity},
publisher={Cambridge University Press},
author={Carroll, Sean M.},
year={2019}} <div></div>


@article{brans-dicke_theory,
  title={Mach's principle and a relativistic theory of gravitation},
  author={Brans, Carl and Dicke, Robert H},
  journal={Physical review},
  volume={124},
  number={3},
  pages={925},
  year={1961},
  publisher={APS}
}

@article{mappaBekenstein,
  title={Exact solutions of Einstein-conformal scalar equations},
  author={Bekenstein, Jacob D},
  journal={Annals of Physics},
  volume={82},
  number={2},
  pages={535--547},
  year={1974},
  publisher={Elsevier}
}

@book{wald2010general,
  title={General relativity},
  author={Wald, Robert M},
  year={2010},
  publisher={University of Chicago press}
}

@article{ernst1,
  title={New formulation of the axially symmetric gravitational field problem},
  author={Ernst, Frederick J},
  journal={Physical Review},
  volume={167},
  number={5},
  pages={1175},
  year={1968},
  publisher={APS}
}

@article{ernst2,
  title={New formulation of the axially symmetric gravitational field problem. II},
  author={Ernst, Frederick J},
  journal={Physical Review},
  volume={168},
  number={5},
  pages={1415},
  year={1968},
  publisher={APS}
}

@article{embedding,
   title={Embedding hairy black holes in a magnetic universe},
   volume={87},
   ISSN={1550-2368},
   url={http://dx.doi.org/10.1103/PhysRevD.87.084029},
   DOI={10.1103/physrevd.87.084029},
   number={8},
   journal={Physical Review D},
   publisher={American Physical Society (APS)},
   author={Astorino, Marco},
   year={2013},
   month=apr }

@mastersthesis{Martelli,
    author={Martelli, Riccardo},
    title={The Action of the Axisymmetric and Stationary Symmetry Group of  General Relativity on a Static Black Hole},
    type="Bachelor thesis",
    school="Milan U.",
    year={2021}
}

@mastersthesis{corti,
    author={Corti, Andrea},
    title={Ernst solution generating techniques
    for Einstein-Maxwell theory in 5d},
    type="Bachelor thesis",
    school="Milan U.",
    year={2021}
}

@mastersthesis{Illy,
    author={Illy, Matilde S},
    title={Accelerated Reissner–Nordström black hole in
    a swirling, magnetic universe},
    type="Bachelor thesis",
    school="Milan U.",
    year={2023}
}

@book{stephani,
  title={Differential equations: their solution using symmetries},
  author={Stephani, Hans},
  year={1989},
  publisher={Cambridge University Press}
}

@book{stephani_GR,
  title={Exact solutions of Einstein's field equations},
  author={Stephani, Hans and Kramer, Dietrich and MacCallum, Malcolm and Hoenselaers, Cornelius and Herlt, Eduard},
  year={2009},
  publisher={Cambridge university press}
}

@article{Caldarelli_Charmousis,
   title={Integrability in conformally coupled gravity: Taub-NUT spacetimes and rotating black holes},
   volume={2014},
   ISSN={1029-8479},
   url={http://dx.doi.org/10.1007/JHEP05(2014)039},
   DOI={10.1007/jhep05(2014)039},
   number={5},
   journal={Journal of High Energy Physics},
   publisher={Springer Science and Business Media LLC},
   author={Bardoux, Yannis and Caldarelli, Marco M. and Charmousis, Christos},
   year={2014},
   month=may }

@article{C-metric,
   title={C-metric with a conformally coupled scalar field in a magnetic universe},
   volume={88},
   ISSN={1550-2368},
   url={http://dx.doi.org/10.1103/PhysRevD.88.104027},
   DOI={10.1103/physrevd.88.104027},
   number={10},
   journal={Physical Review D},
   publisher={American Physical Society (APS)},
   author={Astorino, Marco},
   year={2013},
   month=nov }

@article{enhanced,
   title={Enhanced Ehlers transformation and the Majumdar-Papapetrou-NUT spacetime},
   volume={2020},
   ISSN={1029-8479},
   url={http://dx.doi.org/10.1007/JHEP01(2020)123},
   DOI={10.1007/jhep01(2020)123},
   number={1},
   journal={Journal of High Energy Physics},
   publisher={Springer Science and Business Media LLC},
   author={Astorino, Marco},
   year={2020},
   month=jan }

@book{podolsky_exact_spacetimes,
  title={Exact space-times in Einstein's general relativity},
  author={Griffiths, Jerry B and Podolsk{\`y}, Ji{\v{r}}{\'\i}},
  year={2009},
  publisher={Cambridge University Press}
}

@article{charging,
   title={Charging axisymmetric space-times with cosmological constant},
   volume={2012},
   ISSN={1029-8479},
   url={http://dx.doi.org/10.1007/JHEP06(2012)086},
   DOI={10.1007/jhep06(2012)086},
   number={6},
   journal={Journal of High Energy Physics},
   publisher={Springer Science and Business Media LLC},
   author={Astorino, Marco},
   year={2012},
   month=jun }

@article{Delice_stationary,
   title={Stationary axially symmetric solutions in Brans-Dicke theory},
   volume={92},
   ISSN={1550-2368},
   url={http://dx.doi.org/10.1103/PhysRevD.92.104045},
   DOI={10.1103/physrevd.92.104045},
   number={10},
   journal={Physical Review D},
   publisher={American Physical Society (APS)},
   author={Kirezli, Pınar and Delice, Özgür},
   year={2015},
   month=nov }

@article{stationary,
   title={Stationary axisymmetric spacetimes with a conformally coupled scalar field},
   volume={91},
   ISSN={1550-2368},
   url={http://dx.doi.org/10.1103/PhysRevD.91.064066},
   DOI={10.1103/physrevd.91.064066},
   number={6},
   journal={Physical Review D},
   publisher={American Physical Society (APS)},
   author={Astorino, Marco},
   year={2015},
   month=mar }

@article{Barcelo_Visser,
   title={Traversable wormholes from massless conformally coupled scalar fields},
   volume={466},
   ISSN={0370-2693},
   url={http://dx.doi.org/10.1016/S0370-2693(99)01117-X},
   DOI={10.1016/s0370-2693(99)01117-x},
   number={2–4},
   journal={Physics Letters B},
   publisher={Elsevier BV},
   author={Barceló, Carlos and Visser, Matt},
   year={1999},
   month=nov, pages={127–134} }

@article{BBMB_sol,
  title={Black holes with scalar charge},
  author={Bekenstein, Jacob D},
  journal={Annals of Physics},
  volume={91},
  number={1},
  pages={75--82},
  year={1975},
  publisher={Elsevier}
}

@book{Pagine_gialle,
  title={Gravitation},
  author={Thorne, Kip S and Misner, Charles W and Wheeler, John Archibald},
  year={2000},
  publisher={Freeman San Francisco}
}

@article{Astorino-Martelli,
   title={Black holes in a swirling universe},
   volume={106},
   ISSN={2470-0029},
   url={http://dx.doi.org/10.1103/PhysRevD.106.064014},
   DOI={10.1103/physrevd.106.064014},
   number={6},
   journal={Physical Review D},
   publisher={American Physical Society (APS)},
   author={Astorino, Marco and Martelli, Riccardo and Viganò, Adriano},
   year={2022},
   month=sep }

@article{Emparan_Teo,
   title={Macroscopic and microscopic description of black diholes},
   volume={610},
   ISSN={0550-3213},
   url={http://dx.doi.org/10.1016/S0550-3213(01)00319-4},
   DOI={10.1016/s0550-3213(01)00319-4},
   number={1–2},
   journal={Nuclear Physics B},
   publisher={Elsevier BV},
   author={Emparan, Roberto and Teo, Edward},
   year={2001},
   month=sep, pages={190–214} }
